@article{BCS96,
    author  = "Gilles Brassard, Claude Crepeau, Miklos Santha",
    title   = "Oblivious transfers and intersecting codes",
    year    = "1996",
    journal = "eprint"
}
